@article{HarrisAndStephens,
	author = {Chris Harris y Mike Stephens},
	year = {1996},
	title = {Localization of autonomous
	guided vehicles},
	journal = { In Giralt, G., y Hirzinger, G., eds., Robotics Research. 	London: Springer London}
	pages = {613–625}
}



@article{Feder,
	author = {Feder, H. J. S.; Leonard, J. J.; y Smith, C. M},
	year = {1999},
	title = {Adaptive mobile robot navigation and mapping},
	journal = { The International Journal of Robotics Research},
	pages = {650–668}
}


 

@article{Smith,
	author = {Smith, R.; Self, M.; y Cheeseman, P},
	year = {1990},
	title = {Autonomous robot vehicles},
	journal = { New
	York, NY, USA: Springer-Verlag New York, Inc. chapter Estimating Uncertain
	Spatial Relationships in Robotics,},
	pages = {167–193}
}


@article{Stachniss,
	author = {Stachniss, C.; Hahnel, D.; y Burgard, W},
	year = {2004},
	title = {Exploration with active loop-
	closing for fastslam},
	journal = {In 2004 IEEE/RSJ International Conference on Intelligent
	Robots and Systems (IROS) (IEEE Cat. No.04CH37566), volume 2},
	pages = {1505–1510
	vol.2}
}


@article{orbSlam,
	author = {Mur-Artal, R.; Montiel, J. M. M.; y Tardos, J. D},
	year = {2015},
	title = {Orb-slam: a versatile and accurate monocular slam system},
	journal = {IEEE Transactions on Robotics
	31(5)},
	pages = {1147–1163}
}

@article{orbSlam2,
	author = {Mur-Artal, R. y Tardós, J. D},
	year = {2017},
	title = {An open-source slam system for monocular, stereo, and rgb-d cameras},
	journal = {IEEE Transactions on Robotics
	33(5)},
	pages = {1255–1262}
}


@article{scaramuzza,
	author = {Nützi, G. ; Weiss, S.  ; Scaramuzza, D. y Siegwart , R. },
	title = {Fusion of IMU and Vision for Absolute Scale Estimation
	in Monocular SLAM},
	journal = {ETH Autonomous Systems Laboratory}
}

@inproceedings{harris,
	author = {Hans P. Morevec},
	year = {1977},
	title = {Towards automatic visual obstacle avoidance},
	journal = {5th international joint conference on Artificial intelligence },
}





@article{harris,
  author = {Chris Harris y Mike Stephens},
  year = {1988},
  title = {A combined corner and edge detector},
  journal = { The Plessey Company pic. },
}


@article{ okvis,
	author = { Leutenegger S.; Furgale P.; Chli M.; Konolige K. Siegwart R. },
	year = {2013},
	title = { Keyframe-Based Visual-Inertial SLAM Using Nonlinear Optimization},
	journal = { Robotics: Science and Systems}
}


@article{ odo,
	author = { Brossard M.; Bonnabel S.},
	year = {2019},
	title = {Learning Wheel Odometry and IMU Errors for Localization},
	journal = { International Conference on Robotics and Automation (ICRA)}
}



@article{log,
	author = {Lindeberg, T},
	year = {1998},
	title = {Feature detection with automatic scale selection},
	journal = {International Journal of Computer Vision},
}




@article{sift,
  author = {David G. Lowe},
  year = {2004},
  title = {Distinctive Image Features from Scale-Invariant Keypoints},
  journal = {Computer Science Department, University of British Columbia},
}
@article{fast,
	author = {Rosten, Edward and Drummond, Tom},
	year = {2006},
	title = {Machine Learning for High-speed Corner Detection},
	journal = {Proceedings of the 9th European Conference on Computer Vision - Volume Part I},
} 
@article{surf,
  author = {Bay, H., Tuytelaars, T. y Van Gool, L},
  year = {2006},
  title = {SURF: Speeded Up Robust Features},
  journal = {European Conference on Computer Vision},
}


@book{comp-vision,
	author = {Szeliski, Richard},
	title = {Computer Vision: Algorithms and Applications},
	year = {2010},
	isbn = {1848829345, 9781848829343},
	edition = {1st},
	publisher = {Springer-Verlag New York, Inc.},
	address = {New York, NY, USA},
}
@inproceedings{brief,
	author = {Calonder, Michael y Lepetit, Vincent y Strecha, Christoph y Fua, Pascal},
	title = {BRIEF: Binary Robust Independent Elementary Features},
	booktitle = {Proceedings of the 11th European Conference on Computer Vision: Part IV},
	year = {2010},
	publisher = {Springer-Verlag},
} 

@article{orb,
  author = {Ethan Rublee, Vincent Rabaud, Kurt Konolige y Gary Bradski},
  year = {2011},
  title = {ORB: an efficient alternative to SIFT or SURF},
  journal = {International Conference on Computer Vision},
}


@article{kaze,
  author = {Pablo Fernandez Alcantarilla, Adrien Bartoli, Andrew J. Davison},
  year = {2012},
  title = {KAZE Features},
  journal = {European Conference on Computer Vision},
}
@article{akaze,
  author = {Pablo Fernández Alcantarilla},
  year = {2013},
  title = {Fast Explicit Diffusion for Accelerated Features in Nonlinear Scale Spaces},
  journal = {British Machine Vision Conference (BMVC)},
}


@article{ldb,
  author = {Xin Yang, Kwang-Ting Cheng},
  year = {2013},
  title = {Local Difference Binary for Ultrafast and Distinctive Feature Description},
  journal = {IEEE Transactions on Pattern Analysis and Machine Intelligence},
}

@article{flann,	
	author = {Muja, Marius y Lowe, David},	
	year = {2014},
	month = {11},
	pages = {2227-2240},
	title = {Scalable Nearest Neighbor Algorithms for High Dimensional Data},
	volume = {36},
	booktitle = {Pattern Analysis and Machine Intelligence, IEEE Transactions on}
}

@tesis{danilo,
	author = {Danilo Díaz Tarascó},
	title = {Desarrollo de sistema de telemetria para teleoperación de robot submarino},
	year = {2016},
}
@tesis{said,
	author = {Said Alexander Alvarado Marín},
	title = {Caracterización, instrumentación y control de robot cuadricóptero volador},
	year = {2017},
}

@tesis{ novel,
	author = {Certad N.},
	title = {Diseño de algoritmo para generación de mapas con localización simultánea en ambientes estructurados para un vehículo autónomo.},
	year = {2013},
	
}


@tesis{manuel,
	author = {González M.},
	title = {Registro de ambientes 3D utilizando un sensor LIDAR 2D y ROS},
	year = {2017},
	
}

@tesis{fabio,
	author = {Morales F.},
	title = {Implementación de sistema de localización y mapeo simultáneo (SLAM) para robot submarino
	con visión monocular},
	year = {2018},
	
}

@tesis{victor,
	author = {Garcia V.},
	title = {Sistema de generación de mosaicos 2D para robots móviles a partir de video monocular},
	year = {2018},
}





@report{cinematicaDirecta,
	author = {Bautista E.},
	title = {Robot Diferencial},
	type = {Reporte de movimiento del robot},
	date = {2014},
}

@article{Madgwick,
	author = {Madgwick S.},
	title = {An efficient orientation filter for inertial and inertial/magnetic sensor arrays},
	year = {2010},

}

@article{Lowe,
	author = {Lowe D.},
	title = {Distinctive Image Features
	from Scale-Invariant Keypoints},
	year = {2004},
    journal = {International Journal of Computer Vision},
	
}

@article{euroc,
	author = {Burri M.; Nikolic J.; Gohl P; Schneider T.; Rehder J.; Omari S.; Achtelik M.; Siegwart R.},
	title = {The EuRoC MAV Datasets},
	year = {2016},
	journal = {International Journal of Robotics Research},
	
}


@article{DSO,
	author = {Engel J.; Koltun V.; Cremers D.},
	title = {Direct Sparse Odometry},
	year = {2017},
	journal = {IEEE
	transactions on pattern analysis and machine intelligence},
	
}


@article{robust,
	title={Robust Real-Time Visual Odometry with a Single Camera and an IMU},
	author={Kneip L.; Chli M.; Siegwart R.},
	journal={Autonomous Systems Lab
	ETH Zurich, Switzerland},
	year={2011},
}


